@book{yee2017bioinformatics,
  title={Bioinformatics: A Practical Handbook of Next Generation Sequencing and Its Applications},
  author={Yee, Low Lloyd Wai and Tapani, Tammi Martti},
  year={2017},
  publisher={\# N/A}
@book{yee2017bioinformatics,
  title={Bioinformatics: A Practical Handbook of Next Generation Sequencing and Its Applications},
  author={Yee, Low Lloyd Wai and Tapani, Tammi Martti},
  year={2017},
  publisher={\# N/A}
}

